@book{AltmanKleiman2013,
	title = {A Term of commutative algebra},
	url = {https://web.mit.edu/18.705/www/13Ed.pdf},
	author = {Altman, Allen and Kleiman, Steven},
	urldate = {2021-10-29},
	date = {2013},
	langid = {english},
}
